<record><leader>00000cas a22000007a 4500</leader><controlfield tag="001">13919215</controlfield><controlfield tag="008">860723d18331833pauwr ne      0   a0eng d</controlfield><datafield ind1=" " ind2=" " tag="010"><subfield code="a">sn 85036095 </subfield></datafield><datafield ind1=" " ind2=" " tag="040"><subfield code="a">NPA</subfield><subfield code="b">eng</subfield><subfield code="c">NPA</subfield><subfield code="d">NPH</subfield><subfield code="d">NPX</subfield><subfield code="d">KNP</subfield><subfield code="d">MGN</subfield><subfield code="d">NVK</subfield><subfield code="d">OCL</subfield><subfield code="d">ZCU</subfield><subfield code="d">GUA</subfield><subfield code="d">KRTAS</subfield><subfield code="d">DLC</subfield><subfield code="d">OCLCQ</subfield><subfield code="d">OCLCF</subfield><subfield code="d">OCLCO</subfield></datafield><datafield ind1=" " ind2=" " tag="012"><subfield code="l">1</subfield></datafield><datafield ind1="0" ind2=" " tag="022"><subfield code="a">2156-6003</subfield><subfield code="2">1</subfield></datafield><datafield ind1="1" ind2=" " tag="029"><subfield code="a">AU@</subfield><subfield code="b">000020125206</subfield></datafield><datafield ind1=" " ind2=" " tag="042"><subfield code="a">msc</subfield><subfield code="a">nsdp</subfield></datafield><datafield ind1=" " ind2=" " tag="043"><subfield code="a">n-us-pa</subfield></datafield><datafield ind1="0" ind2="0" tag="050"><subfield code="a">AP2</subfield><subfield code="b">.S2</subfield></datafield><datafield ind1="1" ind2="0" tag="082"><subfield code="a">051</subfield><subfield code="2">14</subfield></datafield><datafield ind1=" " ind2="0" tag="222"><subfield code="a">Atkinson's Saturday evening post and bulletin</subfield></datafield><datafield ind1="0" ind2="0" tag="245"><subfield code="a">Atkinson's Saturday evening post and bulletin.</subfield></datafield><datafield ind1="1" ind2="0" tag="246"><subfield code="a">Saturday evening post and bulletin</subfield></datafield><datafield ind1="1" ind2="0" tag="246"><subfield code="a">Atkinson's Saturday evening post</subfield></datafield><datafield ind1="1" ind2="0" tag="246"><subfield code="a">Saturday bulletin</subfield></datafield><datafield ind1=" " ind2=" " tag="260"><subfield code="a">Philadelphia [Pa.] :</subfield><subfield code="b">[Samuel Coate Atkinson],</subfield><subfield code="c">1833.</subfield></datafield><datafield ind1=" " ind2=" " tag="300"><subfield code="a">volumes :</subfield><subfield code="b">illustrations ;</subfield><subfield code="c">58-61 cm</subfield></datafield><datafield ind1=" " ind2=" " tag="310"><subfield code="a">Weekly</subfield></datafield><datafield ind1=" " ind2=" " tag="336"><subfield code="a">text</subfield><subfield code="b">txt</subfield><subfield code="2">rdacontent</subfield></datafield><datafield ind1=" " ind2=" " tag="337"><subfield code="a">unmediated</subfield><subfield code="b">n</subfield><subfield code="2">rdamedia</subfield></datafield><datafield ind1=" " ind2=" " tag="338"><subfield code="a">volume</subfield><subfield code="b">nc</subfield><subfield code="2">rdacarrier</subfield></datafield><datafield ind1="0" ind2=" " tag="362"><subfield code="a">Vol. 13, whole no. 597 (Jan. 5, 1833)-v. 13, whole no. 634 (Sept. 21, 1833).</subfield></datafield><datafield ind1=" " ind2=" " tag="530"><subfield code="a">Also issued online and on microfilm from UMI, as part of the American Periodical series, 1800-1850.</subfield></datafield><datafield ind1=" " ind2=" " tag="580"><subfield code="a">Formed by the union of: Atkinson's Saturday evening post (Philadelphia, Pa. : 1831), and: Saturday bulletin (Philadelphia, Pa. : 1827). Cf. Salisbury, R. Pa. newspapers.</subfield></datafield><datafield ind1=" " ind2="0" tag="651"><subfield code="a">Philadelphia (Pa.)</subfield><subfield code="v">Newspapers.</subfield></datafield><datafield ind1=" " ind2="7" tag="655"><subfield code="a">Newspapers.</subfield><subfield code="2">fast</subfield><subfield code="0">(OCoLC)fst01423814</subfield></datafield><datafield ind1=" " ind2="7" tag="651"><subfield code="a">Pennsylvania</subfield><subfield code="z">Philadelphia.</subfield><subfield code="2">fast</subfield><subfield code="0">(OCoLC)fst01204170</subfield></datafield><datafield ind1=" " ind2=" " tag="752"><subfield code="a">United States</subfield><subfield code="b">Pennsylvania</subfield><subfield code="c">Philadelphia</subfield><subfield code="d">Philadelphia.</subfield></datafield><datafield ind1="1" ind2=" " tag="776"><subfield code="t">Atkinson's Saturday evening post and bulletin (Online)</subfield><subfield code="w">(DLC)  2006255752</subfield><subfield code="w">(OCoLC)65286102</subfield></datafield><datafield ind1="1" ind2="4" tag="780"><subfield code="t">Atkinson's Saturday evening post (Philadelphia, Pa. : 1831)</subfield><subfield code="x">2156-5988</subfield><subfield code="w">(DLC)sn 84026168</subfield><subfield code="w">(OCoLC)7335088</subfield></datafield><datafield ind1="1" ind2="4" tag="780"><subfield code="t">Saturday bulletin (Philadelphia, Pa. : 1827)</subfield><subfield code="w">(DLC)sn 84026096</subfield><subfield code="w">(OCoLC)10288937</subfield></datafield><datafield ind1="0" ind2="0" tag="785"><subfield code="t">Atkinson's Saturday evening post (Philadelphia, Pa. : 1833)</subfield><subfield code="x">2156-602X</subfield><subfield code="w">(DLC)sn 84026173</subfield><subfield code="w">(OCoLC)10313195</subfield></datafield><datafield ind1=" " ind2=" " tag="850"><subfield code="a">DLC</subfield></datafield><datafield ind1="4" ind2="1" tag="856"><subfield code="u">http://proquest.umi.com/pqdweb?RQT=318&amp;VName=HNP&amp;pmid=42274</subfield></datafield><datafield ind1=" " ind2=" " tag="938"><subfield code="a">Kirtas Technologies, Inc.</subfield><subfield code="b">KRTS</subfield><subfield code="n">739675</subfield></datafield></record>